
@inproceedings{legunsen2016extensive,
  title={An extensive study of static regression test selection in modern software evolution},
  author={Legunsen, Owolabi and Hariri, Farah and Shi, August and Lu, Yafeng and Zhang, Lingming and Marinov, Darko},
  booktitle={Proceedings of the 2016 24th ACM SIGSOFT International Symposium on Foundations of Software Engineering},
  pages={583--594},
  year={2016},
  organization={ACM}
}



@article{bacon1996fast,
  title={Fast static analysis of C++ virtual function calls},
  author={Bacon, David F and Sweeney, Peter F},
  journal={ACM Sigplan Notices},
  volume={31},
  number={10},
  pages={324--341},
  year={1996},
  publisher={ACM}
}

@article{shi2019reflection,
  title={Reflection-aware static regression test selection},
  author={Shi, August and Hadzi-Tanovic, Milica and Zhang, Lingming and Marinov, Darko and Legunsen, Owolabi},
  journal={Proceedings of the ACM on Programming Languages},
  volume={3},
  number={OOPSLA},
  pages={1--29},
  year={2019},
  publisher={ACM New York, NY, USA}
}

@article{rothermel2000regression,
  title={Regression test selection for C++ software},
  author={Rothermel, Gregg and Harrold, Mary Jean and Dedhia, Jeinay},
  journal={Software Testing, Verification and Reliability},
  volume={10},
  number={2},
  pages={77--109},
  year={2000},
  publisher={Wiley Online Library}
}

@article{chambers1996whole,
  title={Whole-program optimization of object-oriented languages},
  author={Chambers, Craig and Dean, Jeffrey and Grove, David},
  journal={University of Washington Seattle, Technical Report 96-06},
  volume={2},
  year={1996}
}





@inproceedings{dean1995optimization,
  title={Optimization of object-oriented programs using static class hierarchy analysis},
  author={Dean, Jeffrey and Grove, David and Chambers, Craig},
  booktitle={European Conference on Object-Oriented Programming},
  pages={77--101},
  year={1995},
  organization={Springer}
}

@inproceedings{dean1995optimization,
  title={Optimization of object-oriented programs using static class hierarchy analysis},
  author={Dean, Jeffrey and Grove, David and Chambers, Craig},
  booktitle={European Conference on Object-Oriented Programming},
  pages={77--101},
  year={1995},
  organization={Springer}
}

@inproceedings{palomba2017does,
  title={Does refactoring of test smells induce fixing flaky tests?},
  author={Palomba, Fabio and Zaidman, Andy},
  booktitle={2017 IEEE International Conference on Software Maintenance and Evolution (ICSME)},
  pages={1--12},
  year={2017},
  organization={IEEE}
}

@book{taylor_sa_book,
 author = {Taylor, R. N. and Medvidovic, N. and Dashofy, E. M.},
 title = {Software Architecture: Foundations, Theory, and Practice},
 year = {2009},
 isbn = {0470167742, 9780470167748},
 publisher = {Wiley Publishing},
}
@inproceedings{leung1989insights,
  title={Insights into regression testing (software testing)},
  author={Leung, Hareton KN and White, Lee},
  booktitle={Proceedings. Conference on Software Maintenance-1989},
  pages={60--69},
  year={1989},
  organization={IEEE}
}

@inproceedings{jashki2008towards,
  title={Towards a more efficient static software change impact analysis method},
  author={Jashki, Mohammad-Amin and Zafarani, Reza and Bagheri, Ebrahim},
  booktitle={Proceedings of the 8th ACM SIGPLAN-SIGSOFT workshop on Program analysis for software tools and engineering},
  pages={84--90},
  year={2008},
  organization={ACM}
}
@inproceedings{law2003whole,
  title={Whole program path-based dynamic impact analysis},
  author={Law, James and Rothermel, Gregg},
  booktitle={Proceedings of the 25th international conference on software engineering},
  pages={308--318},
  year={2003},
  organization={IEEE Computer Society}
}

@article{engstrom2010systematic,
  title={A systematic review on regression test selection techniques},
  author={Engstr{\"o}m, Emelie and Runeson, Per and Skoglund, Mats},
  journal={Information and Software Technology},
  volume={52},
  number={1},
  pages={14--30},
  year={2010},
  publisher={Elsevier}
}

@inproceedings{acharya2011practical,
  title={Practical change impact analysis based on static program slicing for industrial software systems},
  author={Acharya, Mithun and Robinson, Brian},
  booktitle={Proceedings of the 33rd international conference on software engineering},
  pages={746--755},
  year={2011},
  organization={ACM}
}

@article{tarjan1972depth,
  title={Depth-first search and linear graph algorithms},
  author={Tarjan, Robert},
  journal={SIAM journal on computing},
  volume={1},
  number={2},
  pages={146--160},
  year={1972},
  publisher={SIAM}
}

@book{sundaresan2000practical,
  title={Practical virtual method call resolution for Java},
  author={Sundaresan, Vijay and Hendren, Laurie and Razafimahefa, Chrislain and Vall{\'e}e-Rai, Raja and Lam, Patrick and Gagnon, Etienne and Godin, Charles},
  volume={35},
  number={10},
  year={2000},
  publisher={ACM}
}

@inproceedings{xu2007regression,
  title={Regression test selection for AspectJ software},
  author={Xu, Guoqing and Rountev, Atanas},
  booktitle={Proceedings of the 29th international conference on Software Engineering},
  pages={65--74},
  year={2007},
  organization={IEEE Computer Society}
}

@inproceedings{fraser2011evosuite,
  title={EvoSuite: automatic test suite generation for object-oriented software},
  author={Fraser, Gordon and Arcuri, Andrea},
  booktitle={Proceedings of the 19th ACM SIGSOFT symposium and the 13th European conference on Foundations of software engineering},
  pages={416--419},
  year={2011},
  organization={ACM}
}

@inproceedings{wong1997study,
  title={A study of effective regression testing in practice},
  author={Wong, W Eric and Horgan, Joseph R and London, Saul and Agrawal, Hiralal},
  booktitle={PROCEEDINGS The Eighth International Symposium On Software Reliability Engineering},
  pages={264--274},
  year={1997},
  organization={IEEE}
}

@article{onoma1998regression,
  title={Regression testing in an industrial environment},
  author={Onoma, Akira K and Tsai, Wei-Tek and Poonawala, Mustafa and Suganuma, Hiroshi},
  journal={Communications of the ACM},
  volume={41},
  number={5},
  pages={81--86},
  year={1998},
  publisher={ACM}
}

@book{leung1989study,
  title={A Study of Integration Testing and Regression Testing},
  author={Leung, Kam Nang Hareton and White, Lee J},
  year={1989},
  publisher={Department of Computing Science, University of Alberta}
}

@book{,
  title={},
  author={Apache Maven Project},
  year={1989},
  publisher={Apache Maven Project}
}

@inproceedings{ren2004chianti,
  title={Chianti: a tool for change impact analysis of java programs},
  author={Ren, Xiaoxia and Shah, Fenil and Tip, Frank and Ryder, Barbara G and Chesley, Ophelia},
  booktitle={ACM Sigplan Notices},
  volume={39},
  number={10},
  pages={432--448},
  year={2004},
  organization={ACM}
}

@inproceedings{white1992firewall,
  title={A firewall concept for both control-flow and data-flow in regression integration testing},
  author={White, Lee J and Leung, Hareton KN},
  booktitle={Proceedings Conference on Software Maintenance 1992},
  pages={262--271},
  year={1992},
  organization={IEEE}
}
@inproceedings{white2003firewall,
  title={Firewall regression testing of GUI sequences and their interactions},
  author={White, Lee and Almezen, Husain and Sastry, Shivakumar},
  booktitle={International Conference on Software Maintenance, 2003. ICSM 2003. Proceedings.},
  pages={398--409},
  year={2003},
  organization={IEEE}
}
@inproceedings{white2005utilization,
  title={Utilization of extended firewall for object-oriented regression testing},
  author={White, Lee and Jaber, Khaled and Robinson, Brian},
  booktitle={21st IEEE International Conference on Software Maintenance (ICSM'05)},
  pages={695--698},
  year={2005},
  organization={IEEE}
}
@article{white2008extended,
  title={Extended firewall for regression testing: an experience report},
  author={White, Lee and Jaber, Khaled and Robinson, Brian and Rajlich, V{\'a}clav},
  journal={Journal of Software Maintenance and Evolution: Research and Practice},
  volume={20},
  number={6},
  pages={419--433},
  year={2008},
  publisher={Wiley Online Library}
}


@inproceedings{rountev2004static,
  title={Static and dynamic analysis of call chains in Java},
  author={Rountev, Atanas and Kagan, Scott and Gibas, Michael},
  booktitle={ACM SIGSOFT Software Engineering Notes},
  volume={29},
  number={4},
  pages={1--11},
  year={2004},
  organization={ACM}
}

@article{fairley1978tutorial,
  title={Tutorial: Static analysis and dynamic testing of computer software},
  author={Fairley, Richard E},
  journal={Computer},
  volume={11},
  number={4},
  pages={14--23},
  year={1978},
  publisher={IEEE}
}

@inproceedings{elbaum2014techniques,
  title={Techniques for improving regression testing in continuous integration development environments},
  author={Elbaum, Sebastian and Rothermel, Gregg and Penix, John},
  booktitle={Proceedings of the 22nd ACM SIGSOFT International Symposium on Foundations of Software Engineering},
  pages={235--245},
  year={2014}
}

@inproceedings{memon2017taming,
  title={Taming google-scale continuous testing},
  author={Memon, Atif and Gao, Zebao and Nguyen, Bao and Dhanda, Sanjeev and Nickell, Eric and Siemborski, Rob and Micco, John},
  booktitle={2017 IEEE/ACM 39th International Conference on Software Engineering: Software Engineering in Practice Track (ICSE-SEIP)},
  pages={233--242},
  year={2017},
  organization={IEEE}
}

@inproceedings{lam2005context,
  title={Context-sensitive program analysis as database queries},
  author={Lam, Monica S and Whaley, John and Livshits, V Benjamin and Martin, Michael C and Avots, Dzintars and Carbin, Michael and Unkel, Christopher},
  booktitle={Proceedings of the twenty-fourth ACM SIGMOD-SIGACT-SIGART symposium on Principles of database systems},
  pages={1--12},
  year={2005}
}

@inproceedings{binder2007advanced,
  title={Advanced Java bytecode instrumentation},
  author={Binder, Walter and Hulaas, Jarle and Moret, Philippe},
  booktitle={Proceedings of the 5th international symposium on Principles and practice of programming in Java},
  pages={135--144},
  year={2007}
}

@article{forman2004java,
  title={Java reflection in action},
  author={Forman, Ira R and Forman, Nate and Ibm, John Vlissides},
  year={2004},
  publisher={Citeseer}
}

@inproceedings{martins201850k,
  title={50k-c: A dataset of compilable, and compiled, java projects},
  author={Martins, Pedro and Achar, Rohan and Lopes, Cristina V},
  booktitle={2018 IEEE/ACM 15th International Conference on Mining Software Repositories (MSR)},
  pages={1--5},
  year={2018},
  organization={IEEE}
}

@inproceedings{philipps1999refinement,
  title={Refinement of pipe-and-filter architectures},
  author={Philipps, Jan and Rumpe, Bernhard},
  booktitle={International Symposium on Formal Methods},
  pages={96--115},
  year={1999},
  organization={Springer}
}

@inproceedings{gokhale2006reliability,
  title={Reliability Analysis of Pipe and Filter Architecture Style.},
  author={Gokhale, Swapna S and Yacoub, Sherif M},
  booktitle={SEKE},
  pages={625--630},
  year={2006},
  organization={Citeseer}
}

@inproceedings{hyrts,
  title={Hybrid regression test selection},
  author={Zhang, Lingming},
  booktitle={2018 IEEE/ACM 40th International Conference on Software Engineering (ICSE)},
  pages={199--209},
  year={2018},
  organization={IEEE}
}

@article{rtsplusplus,
  title={Resurgence of Regression Test Selection for C+},
  author={Fu, Ben and Misailovic, Sasa and Gligoric, Milos}
}

@inproceedings{b43,
  title={Scaling regression testing to large software systems},
  author={Orso, Alessandro and Shi, Nanjuan and Harrold, Mary Jean},
  booktitle={ACM SIGSOFT Software Engineering Notes},
  volume={29},
  number={6},
  pages={241--251},
  year={2004},
  organization={ACM}
}

@inproceedings{starts,
  title={STARTS: STAtic regression test selection},
  author={Legunsen, Owolabi and Shi, August and Marinov, Darko},
  booktitle={2017 32nd IEEE/ACM International Conference on Automated Software Engineering (ASE)},
  pages={949--954},
  year={2017},
  organization={IEEE}
}

@article{panigrahi,
  title={A hybrid regression test selection technique for object-oriented programs},
  author={Panigrahi, Chhabi Rani and Mall, Rajib},
  journal={Proc. Int. J. Softw. Eng. Appl},
  volume={6},
  number={4},
  year={2012}
}

@inproceedings{b40,
  title={TestTube: A system for selective regression testing},
  author={Chen, Yih-Farn and Rosenblum, David S and Vo, Kiem-Phong},
  booktitle={Proceedings of 16th International Conference on Software Engineering},
  pages={211--220},
  year={1994},
  organization={IEEE}
}

@inproceedings{yu2008empirical,
  title={An empirical study of the effects of test-suite reduction on fault localization},
  author={Yu, Yanbing and Jones, James and Harrold, Mary Jean},
  booktitle={2008 ACM/IEEE 30th International Conference on Software Engineering},
  pages={201--210},
  year={2008},
  organization={IEEE}
}

@inproceedings{abreu2007accuracy,
  title={On the accuracy of spectrum-based fault localization},
  author={Abreu, Rui and Zoeteweij, Peter and Van Gemund, Arjan JC},
  booktitle={Testing: Academic and Industrial Conference Practice and Research Techniques-MUTATION (TAICPART-MUTATION 2007)},
  pages={89--98},
  year={2007},
  organization={IEEE}
}

@article{harrold2001regression,
  title={Regression test selection for Java software},
  author={Harrold, Mary Jean and Jones, James A and Li, Tongyu and Liang, Donglin and Orso, Alessandro and Pennings, Maikel and Sinha, Saurabh and Spoon, S Alexander and Gujarathi, Ashish},
  journal={ACM Sigplan Notices},
  volume={36},
  number={11},
  pages={312--326},
  year={2001},
  publisher={ACM New York, NY, USA}
}

@article{faulttracer,
  title={FaultTracer: a spectrum-based approach to localizing failure-inducing program edits},
  author={Zhang, Lingming and Kim, Miryung and Khurshid, Sarfraz},
  journal={Journal of Software: Evolution and Process},
  volume={25},
  number={12},
  pages={1357--1383},
  year={2013},
  publisher={Wiley Online Library}
}




@inproceedings{b37,
  title={An extensive study of static regression test selection in modern software evolution},
  author={Legunsen, Owolabi and Hariri, Farah and Shi, August and Lu, Yafeng and Zhang, Lingming and Marinov, Darko},
  booktitle={Proceedings of the 2016 24th ACM SIGSOFT International Symposium on Foundations of Software Engineering},
  pages={583--594},
  year={2016},
  organization={ACM}
}

@article{biblecompare,
  title={A comparative study of coarse-and fine-grained safe regression test-selection techniques},
  author={Bible, John and Rothermel, Gregg and Rosenblum, David S},
  journal={ACM Transactions on Software Engineering and Methodology (TOSEM)},
  volume={10},
  number={2},
  pages={149--183},
  year={2001},
  publisher={ACM}
}

@article{b35,
  title={An empirical study of regression test selection techniques},
  author={Graves, Todd L and Harrold, Mary Jean and Kim, Jung-Min and Porter, Adam and Rothermel, Gregg},
  journal={ACM Transactions on Software Engineering and Methodology (TOSEM)},
  volume={10},
  number={2},
  pages={184--208},
  year={2001},
  publisher={ACM}
}

@inproceedings{b34,
  title={Regression test selection for Java software},
  author={Harrold, Mary Jean and Jones, James A and Li, Tongyu and Liang, Donglin and Orso, Alessandro and Pennings, Maikel and Sinha, Saurabh and Spoon, S Alexander and Gujarathi, Ashish},
  booktitle={ACM Sigplan Notices},
  volume={36},
  number={11},
  pages={312--326},
  year={2001},
  organization={ACM}
}



@incollection{b8,
  title={An introduction to software architecture},
  author={Garlan, David and Shaw, Mary},
  booktitle={Advances in software engineering and knowledge engineering},
  pages={1--39},
  year={1993},
  publisher={World Scientific}
}

@article{b9,
  title={MuJava: an automated class mutation system},
  author={Ma, Yu-Seung and Offutt, Jeff and Kwon, Yong Rae},
  journal={Software Testing, Verification and Reliability},
  volume={15},
  number={2},
  pages={97--133},
  year={2005},
  publisher={Wiley Online Library}
}

@inproceedings{b10,
  title={Classifying change types for qualifying change couplings},
  author={Fluri, Beat and Gall, Harald C},
  booktitle={14th IEEE International Conference on Program Comprehension (ICPC'06)},
  pages={35--45},
  year={2006},
  organization={IEEE}
}

@inproceedings{b11,
  title={Chianti: a tool for change impact analysis of java programs},
  author={Ren, Xiaoxia and Shah, Fenil and Tip, Frank and Ryder, Barbara G and Chesley, Ophelia},
  booktitle={ACM Sigplan Notices},
  volume={39},
  number={10},
  pages={432--448},
  year={2004},
  organization={ACM}
}

@inproceedings{ekstazi,
  title={Practical regression test selection with dynamic file dependencies},
  author={Gligoric, Milos and Eloussi, Lamyaa and Marinov, Darko},
  booktitle={Proceedings of the 2015 International Symposium on Software Testing and Analysis},
  pages={211--222},
  year={2015},
  organization={ACM}
}

@inproceedings{gligoric2015ekstazi,
  title={Ekstazi: Lightweight test selection},
  author={Gligoric, Milos and Eloussi, Lamyaa and Marinov, Darko},
  booktitle={2015 IEEE/ACM 37th IEEE International Conference on Software Engineering},
  volume={2},
  pages={713--716},
  year={2015},
  organization={IEEE}
}

@article{b13,
  title={Analyzing regression test selection techniques},
  author={Rothermel, Gregg and Harrold, Mary Jean},
  journal={IEEE Transactions on software engineering},
  volume={22},
  number={8},
  pages={529--551},
  year={1996},
  publisher={IEEE}
}

@article{rothermel,
  title={A safe, efficient regression test selection technique},
  author={Rothermel, Gregg and Harrold, Mary Jean},
  journal={ACM Transactions on Software Engineering and Methodology (TOSEM)},
  volume={6},
  number={2},
  pages={173--210},
  year={1997},
  publisher={ACM}
}

@inproceedings{willmor2005safe,
  title={A safe regression test selection technique for database-driven applications},
  author={Willmor, David and Embury, Suzanne M},
  booktitle={21st IEEE International Conference on Software Maintenance (ICSM'05)},
  pages={421--430},
  year={2005},
  organization={IEEE}
}

@inproceedings{kimhistory,
  title={A history-based test prioritization technique for regression testing in resource constrained environments},
  author={Kim, Jung-Min and Porter, Adam},
  booktitle={Proceedings of the 24th international conference on software engineering},
  pages={119--129},
  year={2002},
  organization={ACM}
}

@article{rothermelsaferts,
  title={Empirical studies of a safe regression test selection technique},
  author={Rothermel, Gregg and Harrold, Mary Jean},
  journal={IEEE Transactions on Software Engineering},
  volume={24},
  number={6},
  pages={401--419},
  year={1998},
  publisher={IEEE}
}

@inproceedings{b17,
  title={Reflection analysis for Java},
  author={Livshits, Benjamin and Whaley, John and Lam, Monica S},
  booktitle={Asian Symposium on Programming Languages and Systems},
  pages={139--160},
  year={2005},
  organization={Springer}
}

@inproceedings{b18,
  title={An empirical analysis of flaky tests},
  author={Luo, Qingzhou and Hariri, Farah and Eloussi, Lamyaa and Marinov, Darko},
  booktitle={Proceedings of the 22nd ACM SIGSOFT International Symposium on Foundations of Software Engineering},
  pages={643--653},
  year={2014},
  organization={ACM}
}


@article{b20,
  title={The smell of fear: on the relation between test smells and flaky tests},
  author={Palomba, Fabio and Zaidman, Andy},
  journal={Empirical Software Engineering},
  pages={1--40},
  year={2019},
  publisher={Springer}
}


@inproceedings{b22,
  title={An empirical study of bugs in test code},
  author={Vahabzadeh, Arash and Fard, Amin Milani and Mesbah, Ali},
  booktitle={2015 IEEE international conference on software maintenance and evolution (ICSME)},
  pages={101--110},
  year={2015},
  organization={IEEE}
}


@misc{b23,
title={{Apache Maven Project. "Running a Single Test".}},
howpublished={\url{https://maven.apache.org/surefire/maven-surefire-plugin/examples/single-test.html}}}

@inproceedings{b32,
  title={Integrated impact analysis for managing software changes},
  author={Gethers, Malcom and Dit, Bogdan and Kagdi, Huzefa and Poshyvanyk, Denys},
  booktitle={2012 34th International Conference on Software Engineering (ICSE)},
  pages={430--440},
  year={2012},
  organization={IEEE}
}

@article{b31,
  title={A rule-based change impact analysis approach in software architecture for requirements changes},
  author={Goknil, Arda and Kurtev, Ivan and Berg, Klaas van den},
  journal={arXiv preprint arXiv:1608.02757},
  year={2016}
}

@inproceedings{b30,
  title={Whole program path-based dynamic impact analysis},
  author={Law, James and Rothermel, Gregg},
  booktitle={Proceedings of the 25th international conference on software engineering},
  pages={308--318},
  year={2003},
  organization={IEEE Computer Society}
}

@inproceedings{b29,
  title={Practical change impact analysis based on static program slicing for industrial software systems},
  author={Acharya, Mithun and Robinson, Brian},
  booktitle={Proceedings of the 33rd international conference on software engineering},
  pages={746--755},
  year={2011},
  organization={ACM}
}


@inproceedings{jarczyk2014github,
  title={Github projects. quality analysis of open-source software},
  author={Jarczyk, Oskar and Gruszka, B{\l}a{\.z}ej and Jaroszewicz, Szymon and Bukowski, Leszek and Wierzbicki, Adam},
  booktitle={International Conference on Social Informatics},
  pages={80--94},
  year={2014},
  organization={Springer}
}

@article{b28,
  title={A survey of code-based change impact analysis techniques},
  author={Li, Bixin and Sun, Xiaobing and Leung, Hareton and Zhang, Sai},
  journal={Software Testing, Verification and Reliability},
  volume={23},
  number={8},
  pages={613--646},
  year={2013},
  publisher={Wiley Online Library}
}

@article{valduriez1987join,
  title={Join indices},
  author={Valduriez, Patrick},
  journal={ACM Transactions on Database Systems (TODS)},
  volume={12},
  number={2},
  pages={218--246},
  year={1987},
  publisher={ACM}
}


@article{yoo2012regression,
  title={Regression testing minimization, selection and prioritization: a survey},
  author={Yoo, Shin and Harman, Mark},
  journal={Software Testing, Verification and Reliability},
  volume={22},
  number={2},
  pages={67--120},
  year={2012},
  publisher={Wiley Online Library}
}

@inproceedings{aumasson2013blake2,
  title={BLAKE2: simpler, smaller, fast as MD5},
  author={Aumasson, Jean-Philippe and Neves, Samuel and Wilcox-O’Hearn, Zooko and Winnerlein, Christian},
  booktitle={International Conference on Applied Cryptography and Network Security},
  pages={119--135},
  year={2013},
  organization={Springer}
}


@inproceedings{buckner2005jripples,
  title={JRipples: A tool for program comprehension during incremental change},
  author={Buckner, Jonathan and Buchta, Joseph and Petrenko, Maksym and Rajlich, Vaclav},
  booktitle={13th International Workshop on Program Comprehension (IWPC'05)},
  pages={149--152},
  year={2005},
  organization={IEEE}
}
@article{linstead2009sourcerer,
  title={Sourcerer: mining and searching internet-scale software repositories},
  author={Linstead, Erik and Bajracharya, Sushil and Ngo, Trung and Rigor, Paul and Lopes, Cristina and Baldi, Pierre},
  journal={Data Mining and Knowledge Discovery},
  volume={18},
  number={2},
  pages={300--336},
  year={2009},
  publisher={Springer}
}

@phdthesis{gligoric2015regression,
  title={Regression test selection: Theory and practice},
  author={Gligoric, Milos Zivko},
  year={2015},
  school={University of Illinois at Urbana-Champaign}
}

@inproceedings{candido2017test,
  title={Test suite parallelization in open-source projects: a study on its usage and impact},
  author={Candido, Jeanderson and Melo, Luis and d'Amorim, Marcelo},
  booktitle={2017 32nd IEEE/ACM International Conference on Automated Software Engineering (ASE)},
  pages={838--848},
  year={2017},
  organization={IEEE}
}

@inproceedings{gligoric2014regression,
  title={Regression test selection for distributed software histories},
  author={Gligoric, Milos and Majumdar, Rupak and Sharma, Rohan and Eloussi, Lamyaa and Marinov, Darko},
  booktitle={International Conference on Computer Aided Verification},
  pages={293--309},
  year={2014},
  organization={Springer}
}

@article{b27,
  title={Analyzing regression test selection techniques},
  author={Rothermel, Gregg and Harrold, Mary Jean},
  journal={IEEE Transactions on software engineering},
  volume={22},
  number={8},
  pages={529--551},
  year={1996},
  publisher={IEEE}
}



@inproceedings{b24,
  title={Incremental program testing using program dependence graphs},
  author={Bates, Samuel and Horwitz, Susan},
  booktitle={Proceedings of the 20th ACM SIGPLAN-SIGACT symposium on Principles of programming languages},
  pages={384--396},
  year={1993},
  organization={ACM}
}

@article{rothermel2001prioritizing,
  title={Prioritizing test cases for regression testing},
  author={Rothermel, Gregg and Untch, Roland H. and Chu, Chengyun and Harrold, Mary Jean},
  journal={IEEE Transactions on software engineering},
  volume={27},
  number={10},
  pages={929--948},
  year={2001},
  publisher={IEEE}
}

@inproceedings{herzig2015art,
  title={The art of testing less without sacrificing quality},
  author={Herzig, Kim and Greiler, Michaela and Czerwonka, Jacek and Murphy, Brendan},
  booktitle={Proceedings of the 37th International Conference on Software Engineering-Volume 1},
  pages={483--493},
  year={2015},
  organization={IEEE Press}
}

@inproceedings{kalliamvakou2014promises,
  title={The promises and perils of mining GitHub},
  author={Kalliamvakou, Eirini and Gousios, Georgios and Blincoe, Kelly and Singer, Leif and German, Daniel M and Damian, Daniela},
  booktitle={Proceedings of the 11th working conference on mining software repositories},
  pages={92--101},
  year={2014},
  organization={ACM}
}